@article{hall2012systematic,
  title={A systematic literature review on fault prediction performance in software engineering},
  author={Hall, Tracy and Beecham, Sarah and Bowes, David and Gray, David and Counsell, Steve},
  journal={IEEE TSE},
  volume={38},
  number={6},
  pages={1276--1304},
  year={2012},
  publisher={IEEE}
}
@misc{promiserepo,
  authors =	 "Menzies, T., Krishna, R., Pryor, D.",
  year =	 2015,
  title =	 "The Promise Repository of
                  Empirical Software Engineering
                  Data",
  notes =	 "http://openscience.us/repo.  North
                  Carolina State University,
                  Department of Computer Science"
}
 @inproceedings{fu2017revisiting,
  title={Revisiting unsupervised learning for defect prediction},
  author={Fu, Wei and Menzies, Tim},
  booktitle={Proceedings of the 2017 11th Joint Meeting on Foundations of Software Engineering},
  pages={72--83},
  year={2017},
  organization={ACM}
}
@inproceedings{Rahman14,
 author = {Rahman, Foyzur and Khatri, Sameer and Barr, Earl T. and Devanbu, Premkumar},
 title = {Comparing Static Bug Finders and Statistical Prediction},
 booktitle = {},
 series = {ICSE},
 year = {2014},
 isbn = {978-1-4503-2756-5},
 location = {Hyderabad, India},
 pages = {424--434},
 numpages = {11},
 url = {http://doi.acm.org/10.1145/2568225.2568269},
 doi = {10.1145/2568225.2568269},
 acmid = {2568269},
 publisher = {ACM},
 address = {New York, NY, USA},
 keywords = {Empirical Research, Empirical Software Engineering, Fault Prediction, Inspection, Software Quality},
} 
@article{mittas2013ranking,
  title={Ranking and clustering software cost estimation models through a multiple comparisons algorithm},
  author={Mittas, Nikolaos and Angelis, Lefteris},
  journal={IEEE Transactions on software engineering},
  volume={39},
  number={4},
  pages={537--551},
  year={2013},
  publisher={IEEE}
}

@inproceedings{nagappan2006mining,
  title={Mining metrics to predict component failures},
  author={Nagappan, Nachiappan and Ball, Thomas and Zeller, Andreas},
  booktitle={Proceedings of the 28th international conference on Software engineering},
  pages={452--461},
  year={2006},
  organization={ACM}
}
@inproceedings{hassan2009predicting,
  title={Predicting faults using the complexity of code changes},
  author={Hassan, Ahmed E},
  booktitle={31st ICSE},
  pages={78--88},
  year={2009},
  organization={IEEE Computer Society}
}
@inproceedings{kim2007predicting,
  title={Predicting faults from cached history},
  author={Kim, Sunghun and Zimmermann, Thomas and Whitehead Jr, E James and Zeller, Andreas},
  booktitle={Proceedings in the 29th ICSE},
  pages={489--498},
  year={2007},
  organization={IEEE Computer Society}
}
@article{song2011general,
  title={A general software defect-proneness prediction framework},
  author={Song, Qinbao and Jia, Zihan and Shepperd, Martin and Ying, Shi and Liu, Jin},
  journal={IEEE Transactions on Software Engineering},
  volume={37},
  number={3},
  pages={356--370},
  year={2011},
  publisher={IEEE}
}
@article{song2006software,
  title={Software defect association mining and defect correction effort prediction},
  author={Song, Qinbao and Shepperd, Martin and Cartwright, Michelle and Mair, Carolyn},
  journal={IEEE Transactions on Software Engineering},
  volume={32},
  number={2},
  pages={69--82},
  year={2006},
  publisher={IEEE}
}
@inproceedings{bird2009putting,
  title={Putting it all together: Using socio-technical networks to predict failures},
  author={Bird, Christian and Nagappan, Nachiappan and Gall, Harald and Murphy, Brendan and Devanbu, Premkumar},
  booktitle={2009 20th ISSRE},
  pages={109--119},
  year={2009},
  organization={IEEE}
}
@article{voas1995software,
  title={Software testability: The new verification},
  author={Voas, Jeffrey M. and Miller, Keith W},
  journal={IEEE software},
  volume={12},
  number={3},
  pages={17--28},
  year={1995},
  publisher={IEEE}
}
@inproceedings{zimmermann2008predicting,
  title={Predicting defects using network analysis on dependency graphs},
  author={Zimmermann, Thomas and Nagappan, Nachiappan},
  booktitle={ICSE},
  pages={531--540},
  year={2008},
  organization={ACM}
}
@inproceedings{vesterstrom2004comparative,
  title={A comparative study of differential evolution, particle swarm optimization, and evolutionary algorithms on numerical benchmark problems},
  author={Vesterstrom, Jakob and Thomsen, Rene},
  booktitle={Evolutionary Computation, 2004. CEC2004. Congress on},
  volume={2},
  pages={1980--1987},
  year={2004},
  organization={IEEE}
}
@inproceedings{tantithamthavorn2016automated,
  title={Automated parameter optimization of classification techniques for defect prediction models},
  author={Tantithamthavorn, Chakkrit and McIntosh, Shane and Hassan, Ahmed E and Matsumoto, Kenichi},
  booktitle={ICSE 2016},
  pages={321--332},
  year={2016},
  organization={ACM}
}
@inproceedings{arcuri2011practical,
  title={A practical guide for using statistical tests to assess randomized algorithms in software engineering},
  author={Arcuri, Andrea and Briand, Lionel},
  booktitle={Software Engineering (ICSE), 2011 33rd International Conference on},
  pages={1--10},
  year={2011},
  organization={IEEE}
}
@article{fu2016tuning,
  title={Tuning for software analytics: Is it really necessary?},
  author={Fu, Wei and Menzies, Tim and Shen, Xipeng},
  journal={IST},
  volume={76},
  pages={135--146},
  year={2016},
  publisher={Elsevier}
}

@inproceedings{d2010extensive,
  title={An extensive comparison of bug prediction approaches},
  author={D'Ambros, Marco and Lanza, Michele and Robbes, Romain},
  booktitle={2010 7th IEEE MSR)},
  pages={31--41},
  year={2010},
  organization={IEEE}
}
@article{menzies2007data,
  title={Data mining static code attributes to learn defect predictors},
  author={Menzies, Tim and Greenwald, Jeremy and Frank, Art},
  journal={IEEE TSE},
  volume={33},
  number={1},
  pages={2--13},
  year={2007},
  publisher={IEEE}
}
@article{chawla2002smote,
  title={SMOTE: synthetic minority over-sampling technique},
  author={Chawla, Nitesh V. and Bowyer, Kevin W. and Hall, Lawrence O. and Kegelmeyer, W. Philip},
  journal={Journal of artificial intelligence research},
  volume={16},
  pages={321--357},
  year={2002}
}
 @inproceedings{Menzies04,
 author = {Menzies, Tim and Di Stefano, Justin S.},
 title = {How Good is Your Blind Spot Sampling Policy},
 booktitle = {Proceedings of the Eighth IEEE International Conference on High Assurance Systems Engineering},
 series = {HASE'04},
 year = {2004},
 isbn = {0-7695-2094-4},
 location = {Tampa, Florida},
 pages = {129--138},
 numpages = {10},
 url = {http://dl.acm.org/citation.cfm?id=1890580.1890593},
 acmid = {1890593},
 publisher = {IEEE Computer Society},
 address = {Washington, DC, USA},
} 
@inproceedings{kim2011dealing,
  title={Dealing with noise in defect prediction},
  author={Kim, Sunghun and Zhang, Hongyu and Wu, Rongxin and Gong, Liang},
  booktitle={Software Engineering (ICSE), 2011 33rd International Conference on},
  pages={481--490},
  year={2011},
  organization={IEEE}
}

@inproceedings{Nagappan:2005,
 author = {Nagappan, Nachiappan and Ball, Thomas},
 title = {Static Analysis Tools As Early Indicators of Pre-release Defect Density},
 booktitle = {Proceedings of the 27th ICSE},
 year = {2005},
 isbn = {1-58113-963-2},
 location = {St. Louis, MO, USA},
 pages = {580--586},
 numpages = {7},
 url = {http://doi.acm.org/10.1145/1062455.1062558},
 doi = {10.1145/1062455.1062558},
 acmid = {1062558},
 publisher = {ACM},
 address = {New York, NY, USA},
 keywords = {defect density, fault-proneness, static analysis tools, statistical methods},
} 
@article{bennin2017mahakil,
  title={MAHAKIL: Diversity based Oversampling Approach to Alleviate the Class Imbalance Issue in Software Defect Prediction},
  author={Bennin, Kwabena Ebo and Keung, Jacky and Phannachitta, Passakorn and Monden, Akito and Mensah, Solomon},
  journal={IEEE Transactions on Software Engineering},
  year={2017},
  publisher={IEEE}
}
@article{ozturk2017type,
  title={Which type of metrics are useful to deal with class imbalance in software defect prediction?},
  author={{\"O}zt{\"u}rk, M Maruf},
  journal={Information and Software Technology},
  year={2017},
  publisher={Elsevier}
}
@inproceedings{nagappan2005static,
  title={Static analysis tools as early indicators of pre-release defect density},
  author={Nagappan, Nachiappan and Ball, Thomas},
  booktitle={Proceedings of the 27th international conference on Software engineering},
  pages={580--586},
  year={2005},
  organization={ACM}
}
@inproceedings{nagappan2005static,
  title={Static analysis tools as early indicators of pre-release defect density},
  author={Nagappan, Nachiappan and Ball, Thomas},
  booktitle={Proceedings of the 27th international conference on Software engineering},
  pages={580--586},
  year={2005},
  organization={ACM}
}


@article{radjenovic2013software,
  title={Software fault prediction metrics: A systematic literature review},
  author={Radjenovi{\'c}, Danijel and Heri{\v{c}}ko, Marjan and Torkar, Richard and {\v{Z}}ivkovi{\v{c}}, Ale{\v{s}}},
  journal={Information and Software Technology},
  volume={55},
  number={8},
  pages={1397--1418},
  year={2013},
  publisher={Elsevier}
}
@article{catal2009systematic,
  title={A systematic review of software fault prediction studies},
  author={Catal, Cagatay and Diri, Banu},
  journal={Expert systems with applications},
  volume={36},
  number={4},
  pages={7346--7354},
  year={2009},
  publisher={Elsevier}
}
@article{shepperd2014researcher,
  title={Researcher bias: The use of machine learning in software defect prediction},
  author={Shepperd, Martin and Bowes, David and Hall, Tracy},
  journal={IEEE Transactions on Software Engineering},
  volume={40},
  number={6},
  pages={603--616},
  year={2014},
  publisher={IEEE}
}
@inproceedings{ghotra2015revisiting,
  title={Revisiting the impact of classification techniques on the performance of defect prediction models},
  author={Ghotra, Baljinder and McIntosh, Shane and Hassan, Ahmed E},
  booktitle={37th ICSE-Volume 1},
  pages={789--800},
  year={2015},
  organization={IEEE Press}
}
@article{chidamber1994metrics,
  title={A metrics suite for object oriented design},
  author={Chidamber, Shyam R and Kemerer, Chris F},
  journal={IEEE Transactions on software engineering},
  volume={20},
  number={6},
  pages={476--493},
  year={1994},
  publisher={IEEE}
}
@inproceedings{jureczko2010towards,
  title={Towards identifying software project clusters with regard to defect prediction},
  author={Jureczko, Marian and Madeyski, Lech},
  booktitle={Proceedings of the 6th International Conference on Predictive Models in Software Engineering},
  pages={9},
  year={2010},
  organization={ACM}
}
@article{pedregosa2011scikit,
  title={Scikit-learn: Machine learning in Python},
  author={Pedregosa, Fabian and Varoquaux, Ga{\"e}l and Gramfort, Alexandre and Michel, Vincent and Thirion, Bertrand and Grisel, Olivier and Blondel, Mathieu and Prettenhofer, Peter and Weiss, Ron and Dubourg, Vincent and others},
  journal={Journal of Machine Learning Research},
  volume={12},
  number={Oct},
  pages={2825--2830},
  year={2011}
}
@article{menzies2007data,
  title={Data mining static code attributes to learn defect predictors},
  author={Menzies, Tim and Greenwald, Jeremy and Frank, Art},
  journal={IEEE transactions on software engineering},
  volume={33},
  number={1},
  pages={2--13},
  year={2007},
  publisher={IEEE}
}

@article{scott1974cluster,
  title={A cluster analysis method for grouping means in the analysis of variance},
  author={Scott, ANDREW JHON and Knott, M},
  journal={Biometrics},
  pages={507--512},
  year={1974},
  publisher={JSTOR}
}
@article{tantithamthavorn2015empirical,
  title={An empirical comparison of model validation techniques for defect prediction models},
  author={Tantithamthavorn, Chakkrit and McIntosh, Shane and Hassan, Ahmed and Matsumoto, Kenichi},
  journal={IEEE Transactions on Software Engineering},
  year={2015},
  publisher={IEEE}
}
@inproceedings{pelayo2007applying,
  title={Applying novel resampling strategies to software defect prediction},
  author={Pelayo, Lourdes and Dick, Scott},
  booktitle={NAFIPS 2007-2007 Annual Meeting of the North American Fuzzy Information Processing Society},
  pages={69--72},
  year={2007},
  organization={IEEE}
}
@article{wang2013using,
  title={Using class imbalance learning for software defect prediction},
  author={Wang, Shuo and Yao, Xin},
  journal={IEEE Transactions on Reliability},
  volume={62},
  number={2},
  pages={434--443},
  year={2013},
  publisher={IEEE}
}
@inproceedings{gray2009using,
  title={Using the support vector machine as a classification method for software defect prediction with static code metrics},
  author={Gray, David and Bowes, David and Davey, Neil and Sun, Yi and Christianson, Bruce},
  booktitle={International Conference on Engineering Applications of Neural Networks},
  pages={223--234},
  year={2009},
  organization={Springer}
}
@article{lessmann2008benchmarking,
  title={Benchmarking classification models for software defect prediction: A proposed framework and novel findings},
  author={Lessmann, Stefan and Baesens, Bart and Mues, Christophe and Pietsch, Swantje},
  journal={IEEE TSE},
  volume={34},
  number={4},
  pages={485--496},
  year={2008},
  publisher={IEEE}
}
@article{kuhn2015caret,
  title={Caret: classification and regression training},
  author={Kuhn, Max},
  journal={Astrophysics Source Code Library},
  volume={1},
  pages={05003},
  year={2015}
}
@inproceedings{koru2005investigation,
  title={An investigation of the effect of module size on defect prediction using static measures},
  author={Koru, A G{\"u}nes and Liu, Hongfang},
  booktitle={ACM SIGSOFT Software Engineering Notes},
  volume={30},
  number={4},
  pages={1--5},
  year={2005},
  organization={ACM}
}
@inproceedings{mende2010replication,
  title={Replication of defect prediction studies: problems, pitfalls and recommendations},
  author={Mende, Thilo},
  booktitle={Proceedings of the 6th International Conference on Predictive Models in Software Engineering},
  pages={5},
  year={2010},
  organization={ACM}
}
@inproceedings{jiang2008can,
  title={Can data transformation help in the detection of fault-prone modules?},
  author={Jiang, Yue and Cukic, Bojan and Menzies, Tim},
  booktitle={Proceedings of the 2008 workshop on Defects in large software systems},
  pages={16--20},
  year={2008},
  organization={ACM}
}
@inproceedings{aggarwal2001surprising,
  title={On the surprising behavior of distance metrics in high dimensional space},
  author={Aggarwal, Charu C and Hinneburg, Alexander and Keim, Daniel A},
  booktitle={International Conference on Database Theory},
  pages={420--434},
  year={2001},
  organization={Springer}
}
@inproceedings{tosun2009reducing,
  title={Reducing false alarms in software defect prediction by decision threshold optimization},
  author={Tosun, Ayse and Bener, Ayse},
  booktitle={Proceedings of the 2009 3rd International Symposium on Empirical Software Engineering and Measurement},
  pages={477--480},
  year={2009},
  organization={IEEE Computer Society}
}

@article{fu2017easy,
  title={Easy over Hard: A Case Study on Deep Learning},
  author={Fu, Wei and Menzies, Tim},
  journal={arXiv preprint arXiv:1703.00133},
  year={2017}
}


@inproceedings{chiha2012tuning,
  title={Tuning PID controller with multi-objective differential evolution},
  author={I. Chiha and J. Ghabi and N. Liouane},
  booktitle={ISCCSP '12},
  pages={1--4},
  year={2012},
  organization={IEEE}
}


@inproceedings{omran2005differential,
  title={Differential evolution methods for unsupervised image classification},
  author={M. Omran and A. P. Engelbrecht and A. Salman},
  booktitle={IEEE Congress on Evolutionary Computation '05},
  volume={2},
  pages={966--973},
  year={2005}
}


@inproceedings{Vesterstrom04,
author = {J. Vesterstrom and R. Thomsen},
title = {{A comparative study of differential evolution, particle swarm optimization, and evolutionary algorithms on numerical benchmark problems}},
booktitle = {IEEE Congress on Evolutionary Computation '04},
year = {2004},
doi = {10.1109/CEC.2004.1331139},
masid = {50366534}
}
@article{menzies2012special,
  title={Special issue on repeatable results in software engineering prediction},
  author={Menzies, Tim and Shepperd, Martin},
  journal={Empirical Software Engineering},
  volume={17},
  number={1},
  pages={1--17},
  year={2012},
  publisher={Springer}
}
@article{mittas2013ranking,
  title={Ranking and clustering software cost estimation models through a multiple comparisons algorithm},
  author={Mittas, Nikolaos and Angelis, Lefteris},
  journal={IEEE Transactions on Software Engineering},
  volume={39},
  number={4},
  pages={537--551},
  year={2013},
  publisher={IEEE}
}
@article{storn1997differential,
  title={Differential evolution--a simple and efficient heuristic for global optimization over continuous spaces},
  author={Storn, Rainer and Price, Kenneth},
  journal={Journal of global optimization},
  volume={11},
  number={4},
  pages={341--359},
  year={1997},
  publisher={Springer}
}
@inproceedings{yan2010software,
  title={Software defect prediction using fuzzy support vector regression},
  author={Yan, Zhen and Chen, Xinyu and Guo, Ping},
  booktitle={International Symposium on Neural Networks},
  pages={17--24},
  year={2010},
  organization={Springer}
}
@article{pears2014synthetic,
  title={Synthetic Minority over-sampling technique (SMOTE) for predicting software build outcomes},
  author={Pears, Russel and Finlay, Jacqui and Connor, Andy M},
  journal={arXiv preprint arXiv:1407.2330},
  year={2014}
}
@article{he2009learning,
  title={Learning from imbalanced data},
  author={He, Haibo and Garcia, Edwardo A},
  journal={IEEE Transactions on knowledge and data engineering},
  volume={21},
  number={9},
  pages={1263--1284},
  year={2009},
  publisher={IEEE}
}
@inproceedings{chawla2003smoteboost,
  title={SMOTEBoost: Improving prediction of the minority class in boosting},
  author={Chawla, Nitesh V and Lazarevic, Aleksandar and Hall, Lawrence O and Bowyer, Kevin W},
  booktitle={European Conference on Principles of Data Mining and Knowledge Discovery},
  pages={107--119},
  year={2003},
  organization={Springer}
}
@article{estabrooks2004multiple,
  title={A multiple resampling method for learning from imbalanced data sets},
  author={Estabrooks, Andrew and Jo, Taeho and Japkowicz, Nathalie},
  journal={Computational intelligence},
  volume={20},
  number={1},
  pages={18--36},
  year={2004},
  publisher={Wiley Online Library}
}
@inproceedings{wang2010negative,
  title={Negative correlation learning for classification ensembles},
  author={Wang, Shuo and Chen, Huanhuan and Yao, Xin},
  booktitle={The 2010 International Joint Conference on Neural Networks (IJCNN)},
  pages={1--8},
  year={2010},
  organization={IEEE}
}
@inproceedings{menzies2008implications,
  title={Implications of ceiling effects in defect predictors},
  author={Menzies, Tim and Turhan, Burak and Bener, Ayse and Gay, Gregory and Cukic, Bojan and Jiang, Yue},
  booktitle={Proceedings of the 4th international workshop on Predictor models in software engineering},
  pages={47--54},
  year={2008},
  organization={ACM}
}
@article{riquelme2008finding,
  title={Finding defective modules from highly unbalanced datasets},
  author={Riquelme, JC and Ruiz, R and Rodr{\'\i}guez, D and Moreno, J},
  journal={Actas de los Talleres de las Jornadas de Ingenier{\'\i}a del Software y Bases de Datos},
  volume={2},
  number={1},
  pages={67--74},
  year={2008}
}
@article{pelayo2012evaluating,
  title={Evaluating stratification alternatives to improve software defect prediction},
  author={Pelayo, Lourdes and Dick, Scott},
  journal={IEEE Transactions on Reliability},
  volume={61},
  number={2},
  pages={516--525},
  year={2012},
  publisher={IEEE}
}
@misc{promiserepo,
  authors =	 "Menzies, T., Krishna, R., Pryor, D.",
  year =	 2015,
  title =	 "The Promise Repository of
                  Empirical Software Engineering
                  Data",
  notes =	 "http://openscience.us/repo.  North
                  Carolina State University,
                  Department of Computer Science"
}
@inproceedings{tan2015online,
  title={Online defect prediction for imbalanced data},
  author={Tan, Ming and Tan, Lin and Dara, Sashank and Mayeux, Caleb},
  booktitle={ICSE-Volume 2},
  pages={99--108},
  year={2015},
  organization={IEEE Press}
}
@inproceedings{kamei2007effects,
  title={The effects of over and under sampling on fault-prone module detection},
  author={Kamei, Yasutaka and Monden, Akito and Matsumoto, Shinsuke and Kakimoto, Takeshi and Matsumoto, Ken-ichi},
  booktitle={ESEM 2007},
  pages={196--204},
  year={2007},
  organization={IEEE}
}
@inproceedings{van2007experimental,
  title={Experimental perspectives on learning from imbalanced data},
  author={Van Hulse, Jason and Khoshgoftaar, Taghi M and Napolitano, Amri},
  booktitle={Proceedings of the 24th international conference on Machine learning},
  pages={935--942},
  year={2007},
  organization={ACM}
}
@incollection{refaeilzadeh2009cross,
  title={Cross-validation},
  author={Refaeilzadeh, Payam and Tang, Lei and Liu, Huan},
  booktitle={Encyclopedia of database systems},
  pages={532--538},
  year={2009},
  publisher={Springer}
}
@inproceedings{blei2003latent,
  title={Latent dirichlet allocation},
  author={Blei, David M and Ng, Andrew Y and Jordan, Michael I},
  booktitle={JMLR},
  volume={3},
  pages={993--1022},
  year={2003},
}
@inproceedings{Yang:2016,
 author = {Yang, Yibiao and Zhou, Yuming and Liu, Jinping and Zhao, Yangyang and Lu, Hongmin and Xu, Lei and Xu, Baowen and Leung, Hareton},
 title = {Effort-aware Just-in-time Defect Prediction: Simple Unsupervised Models Could Be Better Than Supervised Models},
 booktitle = {Proceedings of the 2016 24th ACM SIGSOFT International Symposium on Foundations of Software Engineering},
 series = {FSE 2016},
 year = {2016},
 isbn = {978-1-4503-4218-6},
 location = {Seattle, WA, USA},
 pages = {157--168},
 numpages = {12},
 url = {http://doi.acm.org/10.1145/2950290.2950353},
 doi = {10.1145/2950290.2950353},
 acmid = {2950353},
 publisher = {ACM},
 address = {New York, NY, USA},
 keywords = {Defect, changes, effort-aware, just-in-time, prediction},
} 

@phdthesis{yang2015improving,
  title={Improving the Usability of Topic Models},
  author={Yang, Yi},
  year={2015},
  school={NORTHWESTERN UNIVERSITY}
}
@article{GENNARI198911,
title = "Models of incremental concept formation",
journal = "Artificial Intelligence",
volume = "40",
number = "1",
pages = "11 - 61",
year = "1989",
note = "",
issn = "0004-3702",
doi = "http://dx.doi.org/10.1016/0004-3702(89)90046-5",
url = "http://www.sciencedirect.com/science/article/pii/0004370289900465",
author = "John H. Gennari and Pat Langley and Doug Fisher",
abstract = "Given a set of observations, humans acquire concepts that organize those observations and use them in classifying future experiences. This type of concept formation can occur in the absence of a tutor and it can take place despite irrelevant and incomplete information. A reasonable model of such human concept learning should be both incremental and capable of handling the type of complex experiences that people encounter in the real world. In this paper, we review three previous models of incremental concept formation and then present CLASSIT, a model that extends these earlier systems. All of the models integrate the process of recognition and learning, and all can be viewed as carrying out search through the space of possible concept hierarchies. In an attempt to show that CLASSIT is a robust concept formation system, we also present some empirical studies of its behavior under a variety of conditions."
}

@inproceedings{wei2006lda,
  title={LDA-based document models for ad-hoc retrieval},
  author={Wei, Xing and Croft, W Bruce},
  booktitle={Proceedings of the 29th annual international ACM SIGIR conference on Research and development in information retrieval},
  pages={178--185},
  year={2006},
  organization={ACM}
}
@inproceedings{guo2011not,
  title={Not my bug! and other reasons for software bug report reassignments},
  author={Guo, Philip J and Zimmermann, Thomas and Nagappan, Nachiappan and Murphy, Brendan},
  booktitle={Proceedings of the ACM 2011 conference on Computer supported cooperative work},
  pages={395--404},
  year={2011},
  organization={ACM}
}
@inproceedings{lau2014machine,
  title={Machine Reading Tea Leaves: Automatically Evaluating Topic Coherence and Topic Model Quality.},
  author={Lau, Jey Han and Newman, David and Baldwin, Timothy},
  booktitle={EACL},
  pages={530--539},
  year={2014}
}
@inproceedings{panichella2013effectively,
  title={How to effectively use topic models for software engineering tasks? an approach based on genetic algorithms},
  author={Panichella, Annibale and Dit, Bogdan and Oliveto, Rocco and Di Penta, Massimiliano and Poshyvanyk, Denys and De Lucia, Andrea},
  booktitle={Proceedings of the 2013 International Conference on Software Engineering},
  pages={522--531},
  year={2013},
  organization={IEEE Press}
}
@article{o2015analysis,
  title={An analysis of the coherence of descriptors in topic modeling},
  author={O’Callaghan, Derek and Greene, Derek and Carthy, Joe and Cunningham, P{\'a}draig},
  journal={Expert Systems with Applications},
  volume={42},
  number={13},
  pages={5645--5657},
  year={2015},
  publisher={Elsevier}
}

@inproceedings{koltcov2014latent, 
  title={Latent dirichlet allocation: stability and applications to studies of user-generated content},
  author={Koltcov, Sergei and Koltsova, Olessia and Nikolenko, Sergey},
  booktitle={Proceedings of the 2014 ACM conference on Web science},
  pages={161--165},
  year={2014},
  organization={ACM}
}
@inproceedings{lukins2008source,
  title={Source code retrieval for bug localization using latent dirichlet allocation},
  author={Lukins, Stacy K and Kraft, Nicholas A and Etzkorn, Letha H},
  booktitle={Reverse Engineering, 2008. WCRE'08. 15th Working Conference on},
  pages={155--164},
  year={2008},
  organization={IEEE}
}
@inproceedings{tian2009using,
  title={Using latent dirichlet allocation for automatic categorization of software},
  author={Tian, Kai and Revelle, Meghan and Poshyvanyk, Denys},
  booktitle={Mining Software Repositories, 2009. MSR'09. 6th IEEE International Working Conference on},
  pages={163--166},
  year={2009},
  organization={IEEE}
}
@inproceedings{guzman2014users,
  title={How do users like this feature? a fine grained sentiment analysis of app reviews},
  author={Guzman, Emitza and Maalej, Wiem},
  booktitle={Requirements Engineering Conference (RE), 2014 IEEE 22nd International},
  pages={153--162},
  year={2014},
  organization={IEEE}
}
@inproceedings{hindle2011automated,
  title={Automated topic naming to support cross-project analysis of software maintenance activities},
  author={Hindle, Abram and Ernst, Neil A and Godfrey, Michael W and Mylopoulos, John},
  booktitle={Proceedings of the 8th Working Conference on Mining Software Repositories},
  pages={163--172},
  year={2011},
  organization={ACM}
}
@article{zhang2007comments,
  title={Comments on Data Mining Static Code Attributes to Learn Defect Predictors},
  author={Zhang, Hongyu and Zhang, Xiuzhen},
  journal={IEEE Transactions on Software Engineering},
  volume={33},
  number={9},
  pages={635--637},
  year={2007},
  publisher={IEEE Press}
}
@inproceedings{maskeri2008mining,
  title={Mining business topics in source code using latent dirichlet allocation},
  author={Maskeri, Girish and Sarkar, Santonu and Heafield, Kenneth},
  booktitle={Proceedings of the 1st India software engineering conference},
  pages={113--120},
  year={2008},
  organization={ACM}
}
@inproceedings{oliveto2010equivalence,
  title={On the equivalence of information retrieval methods for automated traceability link recovery},
  author={Oliveto, Rocco and Gethers, Malcom and Poshyvanyk, Denys and De Lucia, Andrea},
  booktitle={Program Comprehension (ICPC), 2010 IEEE 18th International Conference on},
  pages={68--71},
  year={2010},
  organization={IEEE}
}
@inproceedings{martin2015app,
  title={The app sampling problem for app store mining},
  author={Martin, William and Harman, Mark and Jia, Yue and Sarro, Federica and Zhang, Yuanyuan},
  booktitle={Mining Software Repositories (MSR), 2015 IEEE/ACM 12th Working Conference on},
  pages={123--133},
  year={2015},
  organization={IEEE}
}
@inproceedings{galvis2013analysis,
  title={Analysis of user comments: an approach for software requirements evolution},
  author={Galvis Carre{\~n}o, Laura V and Winbladh, Kristina},
  booktitle={Proceedings of the 2013 International Conference on Software Engineering},
  pages={582--591},
  year={2013},
  organization={IEEE Press}
}
@inproceedings{lohar2013improving,
  title={Improving trace accuracy through data-driven configuration and composition of tracing features},
  author={Lohar, Sugandha and Amornborvornwong, Sorawit and Zisman, Andrea and Cleland-Huang, Jane},
  booktitle={Proceedings of the 2013 9th Joint Meeting on Foundations of Software Engineering},
  pages={378--388},
  year={2013},
  organization={ACM}
}
@inproceedings{ramage2009labeled,
  title={Labeled LDA: A supervised topic model for credit attribution in multi-labeled corpora},
  author={Ramage, Daniel and Hall, David and Nallapati, Ramesh and Manning, Christopher D},
  booktitle={Proceedings of the 2009 Conference on Empirical Methods in Natural Language Processing: Volume 1-Volume 1},
  pages={248--256},
  year={2009},
  organization={Association for Computational Linguistics}
}
@inproceedings{lowry1998towards,
  title={Towards a theory for integration of mathematical verification and empirical testing},
  author={Lowry, Michael and Boyd, Mark and Kulkami, Deepak},
  booktitle={Automated Software Engineering, 1998. Proceedings. 13th IEEE International Conference on},
  pages={322--331},
  year={1998},
  organization={IEEE}
}
@inproceedings{andrzejewski2009incorporating,
  title={Incorporating domain knowledge into topic modeling via Dirichlet forest priors},
  author={Andrzejewski, David and Zhu, Xiaojin and Craven, Mark},
  booktitle={Proceedings of the 26th Annual International Conference on Machine Learning},
  pages={25--32},
  year={2009},
  organization={ACM}
}
@inproceedings{andrzejewski2011framework,
  title={A framework for incorporating general domain knowledge into latent Dirichlet allocation using first-order logic},
  author={Andrzejewski, David and Zhu, Xiaojin and Craven, Mark and Recht, Benjamin},
  booktitle={IJCAI Proceedings-International Joint Conference on Artificial Intelligence},
  volume={22},
  number={1},
  pages={1171},
  year={2011}
}
@inproceedings{newman2011improving,
  title={Improving topic coherence with regularized topic models},
  author={Newman, David and Bonilla, Edwin V and Buntine, Wray},
  booktitle={Advances in neural information processing systems},
  pages={496--504},
  year={2011}
}
@inproceedings{xie2015incorporating,
  title={Incorporating word correlation knowledge into topic modeling},
  author={Xie, Pengtao and Yang, Diyi and Xing, Eric P},
  booktitle={Conference of the North American Chapter of the Association for Computational Linguistics},
  year={2015}
}
@inproceedings{daume2009markov,
  title={Markov random topic fields},
  author={Daum{\'e} III, Hal},
  booktitle={Proceedings of the ACL-IJCNLP 2009 Conference Short Papers},
  pages={293--296},
  year={2009},
  organization={Association for Computational Linguistics}
}
@article{hu2014interactive,
  title={Interactive topic modeling},
  author={Hu, Yuening and Boyd-Graber, Jordan and Satinoff, Brianna and Smith, Alison},
  journal={Machine learning},
  volume={95},
  number={3},
  pages={423--469},
  year={2014},
  publisher={Springer}
}
@article{bazi2014differential,
  title={Differential evolution extreme learning machine for the classification of hyperspectral images},
  author={Bazi, Yakoub and Alajlan, Naif and Melgani, Farid and AlHichri, Haikel and Malek, Salim and Yager, Ronald R},
  journal={Geoscience and Remote Sensing Letters, IEEE},
  volume={11},
  number={6},
  pages={1066--1070},
  year={2014},
  publisher={IEEE}
}

@misc{Porter1980,
abstract = {The Porter stemming algorithm (or ‘Porter stemmer') is a process for removing the commoner morphological and inflexional endings from words in English. Its main use is as part of a term normalisation process that is usually done when setting up Information Retrieval systems.},
author = {Porter, M},
booktitle = {Program},
keywords = {ir,porter},
number = {3},
pages = {130--137},
title = {{The Porter Stemming Algorithm}},
url = {http://tartarus.org/martin/PorterStemmer/},
volume = {14},
year = {1980}
}

@book{feldman2006j,
  title={J, The Text Mining Handbook},
  author={Feldman, R-SANGER},
  year={2006},
  publisher={New York: Cambridge University Press}
}

@inproceedings{asuncion2010software,
  title={Software traceability with topic modeling},
  author={Asuncion, Hazeline U and Asuncion, Arthur U and Taylor, Richard N},
  booktitle={Proceedings of the 32nd ACM/IEEE International Conference on Software Engineering-Volume 1},
  pages={95--104},
  year={2010},
  organization={ACM}
}
@article{thomas2014studying,
  title={Studying software evolution using topic models},
  author={Thomas, Stephen W and Adams, Bram and Hassan, Ahmed E and Blostein, Dorothea},
  journal={Science of Computer Programming},
  volume={80},
  pages={457--479},
  year={2014},
  publisher={Elsevier}
}
@inproceedings{massey2013automated,
  title={Automated text mining for requirements analysis of policy documents},
  author={Massey, Aaron K and Eisenstein, Jacob and Ant{\'o}n, Annie I and Swire, Peter P},
  booktitle={Requirements Engineering Conference (RE), 2013 21st IEEE International},
  pages={4--13},
  year={2013},
  organization={IEEE}
}
@inproceedings{hemmati2015prioritizing,
  title={Prioritizing Manual Test Cases in Traditional and Rapid Release Environments},
  author={Hemmati, Hadi and Fang, Zhihan and Mantyla, Mika V},
  booktitle={Software Testing, Verification and Validation (ICST), 2015 IEEE 8th International Conference on},
  pages={1--10},
  year={2015},
  organization={IEEE}
}
@book{efron94,
	Address = {London},
	Author = {Efron, Bradley and Tibshirani, Robert J},
	Publisher = {Chapman and Hall},
	Series = {Mono. Stat. Appl. Probab.},
	Title = {An introduction to the bootstrap},
	Year = {1994}}
@incollection{zhang2015inferring,
  title={Inferring Test Models from Kate’s Bug Reports using Multi-objective Search},
  author={Zhang, Yuanyuan and Harman, Mark and Jia, Yue and Sarro, Federica},
  booktitle={Search-Based Software Engineering},
  pages={301--307},
  year={2015},
  publisher={Springer}
}
@article{yang2015predicting,
  title={Predicting Bug Severity by utilizing Topic Model and Bug Report Meta-Field},
  author={Yang, Geunseok and Lee, Byungjeong},
  journal={KIISE Transactions on Computing Practices},
  volume={21},
  number={9},
  pages={616--621},
  year={2015},
  publisher={Korean Institute of Information Scientists and Engineers}
}

@article{menzies2008improving,
  title={Improving IV\&V Techniques Through the Analysis of Project Anomalies: Text Mining PITS issue reports-final report},
  author={Menzies, Tim},
  journal={Citeseer},
  year={2008}
}

@inproceedings{menzies2008automated,
  title={Automated severity assessment of software defect reports},
  author={Menzies, Tim and Marcus, Andrian},
  booktitle={Software Maintenance, 2008. ICSM 2008. IEEE International Conference on},
  pages={346--355},
  year={2008},
  organization={IEEE}
}

@article{garousi2016citations,
  title={Citations, research topics and active countries in software engineering: A bibliometrics study},
  author={Garousi, Vahid and M{\"a}ntyl{\"a}, Mika V},
  journal={Computer Science Review},
  volume={19},
  pages={56--77},
  year={2016},
  publisher={Elsevier}
}
@inproceedings{hoffman2010online,
  title={Online learning for latent dirichlet allocation},
  author={Hoffman, Matthew and Bach, Francis R and Blei, David M},
  booktitle={advances in neural information processing systems},
  pages={856--864},
  year={2010}
}

@inproceedings{feather2002converging,
  title={Converging on the optimal attainment of requirements},
  author={Feather, Martin S and Menzies, Tim},
  booktitle={Requirements Engineering, 2002. Proceedings. IEEE Joint International Conference on},
  pages={263--270},
  year={2002},
  organization={IEEE}
}

@inproceedings{menzies2007business,
  title={The business case for automated software engineering},
  author={Menzies, Tim and Elrawas, Oussama and Hihn, Jairus and Feather, Martin and Madachy, Ray and Boehm, Barry},
  booktitle={Proceedings of the twenty-second IEEE/ACM international conference on Automated software engineering},
  pages={303--312},
  year={2007},
  organization={ACM}
}

@phdthesis{goldberg1979complexity,
  title={On the complexity of the satisfiability problem},
  author={Goldberg, Allen T},
  school={New York University},
  year={1979}
}
@article{glover1986general,
  title={The general employee scheduling problem. An integration of MS and AI},
  author={Glover, Fred and McMillan, Claude},
  journal={Computers \& operations research},
  volume={13},
  number={5},
  pages={563--573},
  year={1986},
  publisher={Elsevier}
}

@article{beausoleil2006moss,
  title={{“MOSS”} multiobjective scatter search applied to non-linear multiple criteria optimization},
  author={Beausoleil, Ricardo P},
  journal={European Journal of Operational Research},
  volume={169},
  number={2},
  pages={426--449},
  year={2006},
  publisher={Elsevier}
}
@article{molina2007sspmo,
  title={SSPMO: A scatter tabu search procedure for non-linear multiobjective optimization},
  author={Molina, Julian and Laguna, Manuel and Mart{\'\i}, Rafael and Caballero, Rafael},
  journal={INFORMS Journal on Computing},
  volume={19},
  number={1},
  pages={91--100},
  year={2007},
  publisher={INFORMS}
}
@article{nebro2008abyss,
  title={AbYSS: Adapting scatter search to multiobjective optimization},
  author={Nebro, Antonio J and Luna, Francisco and Alba, Enrique and Dorronsoro, Bernab{\'e} and Durillo, Juan J and Beham, Andreas},
  journal={Evolutionary Computation, IEEE Transactions on},
  volume={12},
  number={4},
  pages={439--457},
  year={2008},
  publisher={IEEE}
}
@inproceedings{pan2008particle,
  title={Particle swarm-simulated annealing fusion algorithm and its application in function optimization},
  author={Pan, Hao and Zheng, Ming and Han, Xiaolei},
  booktitle={Computer Science and Software Engineering, 2008 International Conference on},
  volume={1},
  pages={78--81},
  year={2008},
  organization={IEEE}
}

@article{krall2015gale,
  title={GALE: Geometric Active Learning for Search-Based Software Engineering},
  author={Krall, Joseph and Menzies, Tim and Davies, Misty},
  journal={TSE},
  volume={41},
  number={10},
  pages={1001--1018},
  year={2015},
  publisher={IEEE}
}

@inproceedings{zuluaga2013active,
  title={Active learning for multi-objective optimization},
  author={Zuluaga, Marcela and Sergent, Guillaume and Krause, Andreas and P{\"u}schel, Markus},
  booktitle={Proceedings of the 30th International Conference on Machine Learning},
  pages={462--470},
  year={2013}
}
@book{grus15,
title="Data Science from Scratch: First Principles with Python",
author="Joel Grus",
year=2015,
publisher="O'Reilly Media"
}

@article{Breiman2001,
abstract = {Random forests are a combination of tree predictors such that each tree depends on the values of a random vector sampled independently and with the same distribution for all trees in the forest. The generalization error for forests converges a.s. to a limit as the number of trees in the forest becomes large. The generalization error of a forest of tree classifiers depends on the strength of the individual trees in the forest and the corre-lation between them. Using a random selection of features to split each node yields error rates that compare favorably to Adaboost (Y. Freund {\&} R. Schapire, Machine Learning: Proceedings of the Thirteenth Interna-tional conference, * * * , 148–156), but are more robust with respect to noise. Internal estimates monitor error, strength, and correlation and these are used to show the response to increasing the number of features used in the splitting. Internal estimates are also used to measure variable importance. These ideas are also applicable to regression.},
archivePrefix = {arXiv},
arxivId = {http://dx.doi.org/10.1023{\%}2FA{\%}3A1010933404324},
author = {Breiman, Leo},
doi = {10.1023/A:1010933404324},
eprint = {/dx.doi.org/10.1023{\%}2FA{\%}3A1010933404324},
isbn = {0885-6125},
issn = {08856125},
journal = {Machine Learning},
keywords = {Classification,Ensemble,Regression},
number = {1},
pages = {5--32},
pmid = {21816105},
primaryClass = {http:},
title = {{Random forests}},
volume = {45},
year = {2001}
}
@article{yu2017performance,
  title={The Performance Stability of Defect Prediction Models with Class Imbalance: An Empirical Study},
  author={Yu, Qiao and Jiang, Shujuan and Zhang, Yanmei},
  journal={IEICE TRANSACTIONS on Information and Systems},
  volume={100},
  number={2},
  pages={265--272},
  year={2017},
  publisher={The Institute of Electronics, Information and Communication Engineers}
}

@article{griffiths2004finding,
  title={Finding scientific topics},
  author={Griffiths, Thomas L and Steyvers, Mark},
  journal={Proceedings of the National academy of Sciences},
  volume={101},
  number={suppl 1},
  pages={5228--5235},
  year={2004},
  publisher={National Acad Sciences}
}
@inproceedings{minka2002expectation,
  title={Expectation-propagation for the generative aspect model},
  author={Minka, Thomas and Lafferty, John},
  booktitle={Proceedings of the Eighteenth conference on Uncertainty in artificial intelligence},
  pages={352--359},
  year={2002},
  organization={Morgan Kaufmann Publishers Inc.}
}
@article{bergstra2012random,
  title={Random search for hyper-parameter optimization},
  author={Bergstra, James and Bengio, Yoshua},
  journal={JMLR},
  volume={13},
  number={Feb},
  pages={281--305},
  year={2012}
}
@inproceedings{sun2016exploring,
  title={Exploring topic models in software engineering data analysis: A survey},
  author={Sun, Xiaobing and Liu, Xiangyue and Li, Bin and Duan, Yucong and Yang, Hui and Hu, Jiajun},
  booktitle={2016 17th IEEE/ACIS International Conference on Software Engineering, Artificial Intelligence, Networking and Parallel/Distributed Computing (SNPD)},
  pages={357--362},
  year={2016},
  organization={IEEE}
}
@inproceedings{restificar2012inferring,
  title={Inferring appropriate eligibility criteria in clinical trial protocols without labeled data},
  author={Restificar, Angelo and Ananiadou, Sophia},
  booktitle={Proceedings of the ACM sixth international workshop on Data and text mining in biomedical informatics},
  pages={21--28},
  year={2012},
  organization={ACM}
}
@article{alreview,
  title={Review of Systematic Literature Review Tools},
  author={Al-Zubidy, Ahmed and Carver, Jeffrey C}
}
@inproceedings{marshall2013tools,
  title={Tools to support systematic literature reviews in software engineering: A mapping study},
  author={Marshall, Christopher and Brereton, Pearl},
  booktitle={2013 ACM/IEEE International Symposium on Empirical Software Engineering and Measurement},
  pages={296--299},
  year={2013},
  organization={IEEE}
}
@article{nadkarni2014structured,
  title={Structured Versus Unstructured Data: The Balance of Power Continues to Shift},
  author={Nadkarni, Ashish and Yezhkova, Natalya},
  journal={IDC (Industry Development and Models) Mar},
  year={2014}
}
@article{tsafnat2014systematic,
  title={Systematic review automation technologies},
  author={Tsafnat, Guy and Glasziou, Paul and Choong, Miew Keen and Dunn, Adam and Galgani, Filippo and Coiera, Enrico},
  journal={Systematic reviews},
  volume={3},
  number={1},
  pages={1},
  year={2014},
  publisher={BioMed Central}
}
@article{elish2008predicting,
  title={Predicting defect-prone software modules using support vector machines},
  author={Elish, Karim O and Elish, Mahmoud O},
  journal={JSS},
  volume={81},
  number={5},
  pages={649--660},
  year={2008},
  publisher={Elsevier}
}
@book{zhang2005machine,
  title={Machine learning applications in software engineering},
  author={Zhang, Du and Tsai, Jeffrey JP},
  volume={16},
  year={2005},
  publisher={World Scientific}
}
@article{chen2016topic,
  title={Topic-based software defect explanation},
  author={Chen, Tse-Hsun and Shang, Weiyi and Nagappan, Meiyappan and Hassan, Ahmed E and Thomas, Stephen W},
  journal={Journal of Systems and Software},
  year={2016},
  publisher={Elsevier}
}
@inproceedings{menzieslocal,
  title={Local vs. Global Lessons for Defect Prediction and Effort Estimation,” IEEE Trans. Software Eng., preprint, published online Dec. 2012; http://goo. gl/k6qno. TIM MENZIES is a full professor in computer science at the Lane},
  author={Menzies, Tim and Butcher, Andrew and Cok, David and Marcus, Andrian and Layman, Lucas and Shull, Forrest and Turhan, Burak and Zimmermann, Thomas},
  booktitle={Department of Computer Science and Electrical Engineering, West Virginia University. Contact},
  organization={Citeseer}
}
@inproceedings{rao2011retrieval,
  title={Retrieval from software libraries for bug localization: a comparative study of generic and composite text models},
  author={Rao, Shivani and Kak, Avinash},
  booktitle={Proceedings of the 8th Working Conference on Mining Software Repositories},
  pages={43--52},
  year={2011},
  organization={ACM}
}
@article{barua2014developers,
  title={What are developers talking about? an analysis of topics and trends in stack overflow},
  author={Barua, Anton and Thomas, Stephen W and Hassan, Ahmed E},
  journal={Empirical Software Engineering},
  volume={19},
  number={3},
  pages={619--654},
  year={2014},
  publisher={Springer}
}
@inproceedings{chen2012explaining,
  title={Explaining software defects using topic models},
  author={Chen, Tse-Hsun and Thomas, Stephen W and Nagappan, Meiyappan and Hassan, Ahmed E},
  booktitle={Mining Software Repositories (MSR), 2012 9th IEEE Working Conference on},
  pages={189--198},
  year={2012},
  organization={IEEE}
}
@inproceedings{linares2013exploratory,
  title={An exploratory analysis of mobile development issues using stack overflow},
  author={Linares-V{\'a}squez, Mario and Dit, Bogdan and Poshyvanyk, Denys},
  booktitle={Proceedings of the 10th Working Conference on Mining Software Repositories},
  pages={93--96},
  year={2013},
  organization={IEEE Press}
}
@inproceedings{hindle2012relating,
  title={Relating requirements to implementation via topic analysis: Do topics extracted from requirements make sense to managers and developers?},
  author={Hindle, Abram and Bird, Christian and Zimmermann, Thomas and Nagappan, Nachiappan},
  booktitle={Software Maintenance (ICSM), 2012 28th IEEE International Conference on},
  pages={243--252},
  year={2012},
  organization={IEEE}
}
@inproceedings{menzies2000practical,
  title={Practical large scale what-if queries: Case studies with software risk assessment},
  author={Menzies, Tim and Sinsel, Erik},
  booktitle={Automated Software Engineering, 2000. Proceedings ASE 2000. The Fifteenth IEEE International Conference on},
  pages={165--173},
  year={2000},
  organization={IEEE}
}
@article{jones17,
  author    = {Mitch Rees{-}Jones and
               Matthew Martin and
               Tim Menzies},
  title     = {Better Predictors for Issue Lifetime},
  journal   = {CoRR},
  volume    = {abs/1702.07735},
  year      = {2017},
  url       = {http://arxiv.org/abs/1702.07735},
  timestamp = {Wed, 01 Mar 2017 14:26:00 +0100},
  biburl    = {http://dblp.uni-trier.de/rec/bib/journals/corr/Rees-JonesMM17},
  bibsource = {dblp computer science bibliography, http://dblp.org}
}

@article{krishna2017less,
  title={Less is More: Minimizing Code Reorganization using XTREE},
  author={Krishna, Rahul and Menzies, Tim and Layman, Lucas},
  journal={Information and Software Technology},
  year={2017},
  publisher={Elsevier}
}
@inproceedings{thomas2011mining,
  title={Mining software repositories using topic models},
  author={Thomas, Stephen W},
  booktitle={Proceedings of the 33rd International Conference on Software Engineering},
  pages={1138--1139},
  year={2011},
  organization={ACM}
}
@article{thomas2014static,
  title={Static test case prioritization using topic models},
  author={Thomas, Stephen W and Hemmati, Hadi and Hassan, Ahmed E and Blostein, Dorothea},
  journal={Empirical Software Engineering},
  volume={19},
  number={1},
  pages={182--212},
  year={2014},
  publisher={Springer}
}
@inproceedings{bajracharya2009mining,
  title={Mining search topics from a code search engine usage log.},
  author={Bajracharya, Sushil Krishna and Lopes, Cristina Videira},
  booktitle={MSR},
  pages={111--120},
  year={2009},
  organization={Citeseer}
}
@article{grant2013using,
  title={Using heuristics to estimate an appropriate number of latent topics in source code analysis},
  author={Grant, Scott and Cordy, James R and Skillicorn, David B},
  journal={Science of Computer Programming},
  volume={78},
  number={9},
  pages={1663--1678},
  year={2013},
  publisher={Elsevier}
}
@article{fu2015automated,
  title={Automated classification of software change messages by semi-supervised Latent Dirichlet Allocation},
  author={Fu, Ying and Yan, Meng and Zhang, Xiaohong and Xu, Ling and Yang, Dan and Kymer, Jeffrey D},
  journal={Information and Software Technology},
  volume={57},
  pages={369--377},
  year={2015},
  publisher={Elsevier}
}
@inproceedings{le2014predicting,
  title={Predicting effectiveness of ir-based bug localization techniques},
  author={Le, Tien-Duy B and Thung, Ferdian and Lo, David},
  booktitle={2014 IEEE 25th International Symposium on Software Reliability Engineering},
  pages={335--345},
  year={2014},
  organization={IEEE}
}
@article{nikolenko2015topic,
  title={Topic modelling for qualitative studies},
  author={Nikolenko, Sergey I and Koltcov, Sergei and Koltsova, Olessia},
  journal={Journal of Information Science},
  pages={0165551515617393},
  year={2015},
  publisher={SAGE Publications}
}
@article{sun2015msr4sm,
  title={MSR4SM: Using topic models to effectively mining software repositories for software maintenance tasks},
  author={Sun, Xiaobing and Li, Bixin and Leung, Hareton and Li, Bin and Li, Yun},
  journal={Information and Software Technology},
  volume={66},
  pages={1--12},
  year={2015},
  publisher={Elsevier}
}
@article{zhao2015heuristic,
  title={A heuristic approach to determine an appropriate number of topics in topic modeling},
  author={Zhao, Weizhong and Chen, James J and Perkins, Roger and Liu, Zhichao and Ge, Weigong and Ding, Yijun and Zou, Wen},
  journal={BMC bioinformatics},
  volume={16},
  number={13},
  pages={1},
  year={2015},
  publisher={BioMed Central}
}
@article{lukins2010bug,
  title={Bug localization using latent Dirichlet allocation},
  author={Lukins, Stacy K and Kraft, Nicholas A and Etzkorn, Letha H},
  journal={Information and Software Technology},
  volume={52},
  number={9},
  pages={972--990},
  year={2010},
  publisher={Elsevier}
}
@inproceedings{vasilescu2013historical,
  title={A historical dataset of software engineering conferences},
  author={Vasilescu, Bogdan and Serebrenik, Alexander and Mens, Tom},
  booktitle={Proceedings of the 10th Working Conference on Mining Software Repositories},
  pages={373--376},
  year={2013},
  organization={IEEE Press}
}
@misc{layman16a,
author="L. Layman",
tile="Personnel communication",
year=2016
}
@inproceedings{layman2016topic,
  title={Topic modeling of NASA space system problem reports: research in practice},
  author={Layman, Lucas and Nikora, Allen P and Meek, Joshua and Menzies, Tim},
  booktitle={Proceedings of the 13th International Workshop on Mining Software Repositories},
  pages={303--314},
  year={2016},
  organization={ACM}
}
@inproceedings{bird2006nltk,
  title={NLTK: the natural language toolkit},
  author={Bird, Steven},
  booktitle={Proceedings of the COLING/ACL on Interactive presentation sessions},
  pages={69--72},
  year={2006},
  organization={Association for Computational Linguistics}
}
@inproceedings{wang2013searching,
  title={Searching for better configurations: a rigorous approach to clone evaluation},
  author={Wang, Tiantian and Harman, Mark and Jia, Yue and Krinke, Jens},
  booktitle={Proceedings of the 2013 9th Joint Meeting on Foundations of Software Engineering},
  pages={455--465},
  year={2013},
  organization={ACM}
}
@inproceedings{sayyad2013scalable,
  title={Scalable product line configuration: A straw to break the camel's back},
  author={Sayyad, Abdel Salam and Ingram, Joseph and Menzies, Tim and Ammar, Hany},
  booktitle={Automated Software Engineering (ASE), 2013 IEEE/ACM 28th International Conference on},
  pages={465--474},
  year={2013},
  organization={IEEE}
}

@misc{mathews17,
title = {Trends in Topics at {SE} Conferences (1992-2016)},
booktitle="Submitted to IST Journal. Available from tiny.cc/trendsSE",
author="G. Mathew and A. Agrawal and T. Menzies",
howpublished = {Submitted to IST Journal. Available from \url{tiny.cc/trendsSE}}
}
@article{miller1956magical,
  title={The magical number seven, plus or minus two: Some limits on our capacity for processing information.},
  author={Miller, George A},
  journal={Psychological review},
  volume={63},
  number={2},
  pages={81},
  year={1956},
  publisher={American Psychological Association}
}
@inproceedings{binkley2014understanding,
  title={Understanding LDA in source code analysis},
  author={Binkley, David and Heinz, Daniel and Lawrie, Dawn and Overfelt, Justin},
  booktitle={Proceedings of the 22nd International Conference on Program Comprehension},
  pages={26--36},
  year={2014},
  organization={ACM}
}
@article{meng2016mllib,
  title={Mllib: Machine learning in apache spark},
  author={Meng, Xiangrui and Bradley, Joseph and Yuvaz, B and Sparks, Evan and Venkataraman, Shivaram and Liu, Davies and Freeman, Jeremy and Tsai, D and Amde, Manish and Owen, Sean and others},
  journal={JMLR},
  volume={17},
  number={34},
  pages={1--7},
  year={2016}
}
@inproceedings{krishna2016bigse,
  title={The BigSE project: lessons learned from validating industrial text mining},
  author={Krishna, Rahul and Yu, Zhe and Agrawal, Amritanshu and Dominguez, Manuel and Wolf, David},
  booktitle={Proceedings of the 2nd International Workshop on BIG Data Software Engineering},
  pages={65--71},
  year={2016},
  organization={ACM}
}
@article{powers2011evaluation,
  title={Evaluation: from precision, recall and F-measure to ROC, informedness, markedness and correlation},
  author={Powers, David Martin},
  year={2011},
  publisher={Bioinfo Publications}
}
@inproceedings{allamanis2013and,
  title={Why, when, and what: analyzing stack overflow questions by topic, type, and code},
  author={Allamanis, Miltiadis and Sutton, Charles},
  booktitle={Proceedings of the 10th Working Conference on Mining Software Repositories},
  pages={53--56},
  year={2013},
  organization={IEEE Press}
}
@article{rosen2016mobile,
  title={What are mobile developers asking about? a large scale study using stack overflow},
  author={Rosen, Christoffer and Shihab, Emad},
  journal={Empirical Software Engineering},
  volume={21},
  number={3},
  pages={1192--1223},
  year={2016},
  publisher={Springer}
}
@article{mathew2016trends,
  title={Trends in topics at SE conferences (1993-2013)},
  author={Mathew, George and Agarwal, Amritanshu and Menzies, Tim},
  journal={arXiv preprint arXiv:1608.08100},
  year={2016}
}
@article{vasilescu2014healthy,
  title={How healthy are software engineering conferences?},
  author={Vasilescu, Bogdan and Serebrenik, Alexander and Mens, Tom and van den Brand, Mark GJ and Pek, Ekaterina},
  journal={Science of Computer Programming},
  volume={89},
  pages={251--272},
  year={2014},
  publisher={Elsevier}
}
@article{menzies2010defect,
  title={Defect prediction from static code features: current results, limitations, new approaches},
  author={Menzies, Tim and Milton, Zach and Turhan, Burak and Cukic, Bojan and Jiang, Yue and Bener, Ay{\c{s}}e},
  journal={Automated Software Engineering},
  volume={17},
  number={4},
  pages={375--407},
  year={2010},
  publisher={Springer}
}
@article{agrawal2016wrong,
  title={What is wrong with topic modeling?(and how to fix it using search-based se)},
  author={Agrawal, Amritanshu and Fu, Wei and Menzies, Tim},
  journal={arXiv preprint arXiv:1608.08176},
  year={2016}
}
@article{swets1988measuring,
  title={Measuring the accuracy of diagnostic systems},
  author={Swets, John A},
  journal={Science},
  volume={240},
  number={4857},
  pages={1285},
  year={1988},
  publisher={The American Association for the Advancement of Science}
}
@book{duda2012pattern,
  title={Pattern classification},
  author={Duda, Richard O and Hart, Peter E and Stork, David G},
  year={2012},
  publisher={John Wiley \& Sons}
}
@article{japkowicz2002class,
  title={The class imbalance problem: A systematic study},
  author={Japkowicz, Nathalie and Stephen, Shaju},
  journal={Intelligent data analysis},
  volume={6},
  number={5},
  pages={429--449},
  year={2002},
  publisher={IOS Press}
}
@article{van2009knowledge,
  title={Knowledge discovery from imbalanced and noisy data},
  author={Van Hulse, Jason and Khoshgoftaar, Taghi},
  journal={Data \& Knowledge Engineering},
  volume={68},
  number={12},
  pages={1513--1542},
  year={2009},
  publisher={Elsevier}
}
@article{lopez2014importance,
  title={On the importance of the validation technique for classification with imbalanced datasets: Addressing covariate shift when data is skewed},
  author={L{\'o}pez, Victoria and Fern{\'a}ndez, Alberto and Herrera, Francisco},
  journal={Information Sciences},
  volume={257},
  pages={1--13},
  year={2014},
  publisher={Elsevier}
}
@article{lopez2012analysis,
  title={Analysis of preprocessing vs. cost-sensitive learning for imbalanced classification. Open problems on intrinsic data characteristics},
  author={L{\'o}pez, Victoria and Fern{\'a}ndez, Alberto and Moreno-Torres, Jose G and Herrera, Francisco},
  journal={Expert Systems with Applications},
  volume={39},
  number={7},
  pages={6585--6608},
  year={2012},
  publisher={Elsevier}
}
@inproceedings{yin2015empirical,
  title={An empirical study on preprocessing high-dimensional class-imbalanced data for classification},
  author={Yin, Hua and Gai, Keke},
  booktitle={High Performance Computing and Communications (HPCC), 2015 IEEE 7th International Symposium on Cyberspace Safety and Security (CSS), 2015 IEEE 12th International Conferen on Embedded Software and Systems (ICESS), 2015 IEEE 17th International Conference on},
  pages={1314--1319},
  year={2015},
  organization={IEEE}
}
@article{friedman1997bias,
  title={On bias, variance, 0/1—loss, and the curse-of-dimensionality},
  author={Friedman, Jerome H},
  journal={Data mining and knowledge discovery},
  volume={1},
  number={1},
  pages={55--77},
  year={1997},
  publisher={Springer}
}
@inproceedings{peters2013better,
  title={Better cross company defect prediction},
  author={Peters, Fayola and Menzies, Tim and Marcus, Andrian},
  booktitle={Mining Software Repositories (MSR), 2013 10th IEEE Working Conference on},
  pages={409--418},
  year={2013},
  organization={IEEE}
}
@article{li2012sample,
  title={Sample-based software defect prediction with active and semi-supervised learning},
  author={Li, Ming and Zhang, Hongyu and Wu, Rongxin and Zhou, Zhi-Hua},
  journal={Automated Software Engineering},
  volume={19},
  number={2},
  pages={201--230},
  year={2012},
  publisher={Springer}
}

@inproceedings{xu2016impact,
  title={The Impact of Feature Selection on Defect Prediction Performance: An Empirical Comparison},
  author={Xu, Zhou and Liu, Jin and Yang, Zijiang and An, Gege and Jia, Xiangyang},
  booktitle={Software Reliability Engineering (ISSRE), 2016 IEEE 27th International Symposium on},
  pages={309--320},
  year={2016},
  organization={IEEE}
}
@misc{menzies2012special,
  title={Special issue on repeatable results in software engineering prediction},
  author={Menzies, Tim and Shepperd, Martin},
  year={2012},
  publisher={Springer}
}
@article{turhan2012dataset,
  title={On the dataset shift problem in software engineering prediction models},
  author={Turhan, Burak},
  journal={Empirical Software Engineering},
  volume={17},
  number={1-2},
  pages={62--74},
  year={2012},
  publisher={Springer}
}
@inproceedings{nam2013transfer,
  title={Transfer defect learning},
  author={Nam, Jaechang and Pan, Sinno Jialin and Kim, Sunghun},
  booktitle={ICSE},
  pages={382--391},
  year={2013},
  organization={IEEE Press}
}
@article{he2012investigation,
  title={An investigation on the feasibility of cross-project defect prediction},
  author={He, Zhimin and Shu, Fengdi and Yang, Ye and Li, Mingshu and Wang, Qing},
  journal={Automated Software Engineering},
  volume={19},
  number={2},
  pages={167--199},
  year={2012},
  publisher={Springer}
}
@article{peters2013balancing,
  title={Balancing privacy and utility in cross-company defect prediction},
  author={Peters, Fayola and Menzies, Tim and Gong, Liang and Zhang, Hongyu},
  journal={IEEE Transactions on Software Engineering},
  volume={39},
  number={8},
  pages={1054--1068},
  year={2013},
  publisher={IEEE}
}
@article{turhan2013empirical,
  title={Empirical evaluation of the effects of mixed project data on learning defect predictors},
  author={Turhan, Burak and M{\i}s{\i}rl{\i}, Ay{\c{s}}e Tosun and Bener, Ay{\c{s}}e},
  journal={Information and Software Technology},
  volume={55},
  number={6},
  pages={1101--1118},
  year={2013},
  publisher={Elsevier}
}

@article{batista2004study,
  title={A study of the behavior of several methods for balancing machine learning training data},
  author={Batista, Gustavo EAPA and Prati, Ronaldo C and Monard, Maria Carolina},
  journal={ACM Sigkdd Explorations Newsletter},
  volume={6},
  number={1},
  pages={20--29},
  year={2004},
  publisher={ACM}
}
@inproceedings{akbani2004applying,
  title={Applying support vector machines to imbalanced datasets},
  author={Akbani, Rehan and Kwek, Stephen and Japkowicz, Nathalie},
  booktitle={European conference on machine learning},
  pages={39--50},
  year={2004},
  organization={Springer}
}
%smote importance
@article{jelihovschi2014scottknott,
  title={ScottKnott: a package for performing the Scott-Knott clustering algorithm in R},
  author={Jelihovschi, Enio G and Faria, Jos{\'e} Cl{\'a}udio and Allaman, Ivan Bezerra},
  journal={TEMA (S{\~a}o Carlos)},
  volume={15},
  number={1},
  pages={3--17},
  year={2014},
  publisher={SciELO Brasil}
}
@incollection{deza2009encyclopedia,
  title={Encyclopedia of distances},
  author={Deza, Michel Marie and Deza, Elena},
  booktitle={Encyclopedia of Distances},
  pages={1--583},
  year={2009},
  publisher={Springer}
}
@article{menzies2007problems,
  title={Problems with Precision: A Response to" comments on'data mining static code attributes to learn defect predictors'"},
  author={Menzies, Tim and Dekhtyar, Alex and Distefano, Justin and Greenwald, Jeremy},
  journal={IEEE TSE},
  volume={33},
  number={9},
  year={2007},
  publisher={IEEE}
}
@article{shepperd2013data,
  title={Data quality: Some comments on the nasa software defect datasets},
  author={Shepperd, Martin and Song, Qinbao and Sun, Zhongbin and Mair, Carolyn},
  journal={IEEE Transactions on Software Engineering},
  volume={39},
  number={9},
  pages={1208--1215},
  year={2013},
  publisher={IEEE}
}
@book{menzies2014sharing,
  title={Sharing data and models in software engineering},
  author={Menzies, Tim and Kocaguneli, Ekrem and Turhan, Burak and Minku, Leandro and Peters, Fayola},
  year={2014},
  publisher={Morgan Kaufmann}
}
@inproceedings{mertik2006estimating,
  title={Estimating software quality with advanced data mining techniques},
  author={Mertik, Matej and Lenic, Mitja and Stiglic, Gregor and Kokol, Peter},
  booktitle={Software Engineering Advances, International Conference on},
  pages={19--19},
  year={2006},
  organization={IEEE}
}

@article{basili1996validation,
  title={A validation of object-oriented design metrics as quality indicators},
  author={Basili, Victor R and Briand, Lionel C. and Melo, Walc{\'e}lio L},
  journal={IEEE Transactions on software engineering},
  volume={22},
  number={10},
  pages={751--761},
  year={1996},
  publisher={IEEE}
}

@article{khoshgoftaar1999logistic,
  title={Logistic regression modeling of software quality},
  author={Khoshgoftaar, Taghi M and Allen, Edward B},
  journal={International Journal of Reliability, Quality and Safety Engineering},
  volume={6},
  number={04},
  pages={303--317},
  year={1999},
  publisher={World Scientific}
}

@article{munson1992detection,
  title={The detection of fault-prone programs},
  author={Munson, John C. and Khoshgoftaar, Taghi M.},
  journal={IEEE Transactions on Software Engineering},
  volume={18},
  number={5},
  pages={423--433},
  year={1992},
  publisher={IEEE}
}

@inproceedings{guo2004robust,
  title={Robust prediction of fault-proneness by random forests},
  author={Guo, Lan and Ma, Yan and Cukic, Bojan and Singh, Harshinder},
  booktitle={Software Reliability Engineering, 2004. ISSRE 2004. 15th International Symposium on},
  pages={417--428},
  year={2004},
  organization={IEEE}
}

@inproceedings{khoshgoftaar1999classification,
  title={Classification tree models of software quality over multiple releases},
  author={Khoshgoftaar, Taghi M and Allen, Edward B and Jones, Wendell D and Hudepohl, JI},
  booktitle={Software Reliability Engineering, 1999. Proceedings. 10th International Symposium on},
  pages={116--125},
  year={1999},
  organization={IEEE}
}
@inproceedings{menzies2004assessing,
  title={Assessing predictors of software defects},
  author={Menzies, Tim and DiStefano, Justin and Orrego, Andres and Chapman, R},
  booktitle={Proc. Workshop Predictive Software Models},
  year={2004}
}
@article{porter1990evaluating,
  title={Evaluating techniques for generating metric-based classification trees},
  author={Porter, Adam A and Selby, Richard W},
  journal={Journal of Systems and Software},
  volume={12},
  number={3},
  pages={209--218},
  year={1990},
  publisher={Elsevier}
}

@article{selby1988learning,
  title={Learning from examples: generation and evaluation of decision trees for software resource analysis},
  author={Selby, Richard W. and Porter, Adam A.},
  journal={IEEE Transactions on Software Engineering},
  volume={14},
  number={12},
  pages={1743--1757},
  year={1988},
  publisher={IEEE}
}
@article{khoshgoftaar1997application,
  title={Application of neural networks to software quality modeling of a very large telecommunications system},
  author={Khoshgoftaar, Taghi M and Allen, Edward B and Hudepohl, John P and Aud, Stephen J},
  journal={IEEE Transactions on Neural Networks},
  volume={8},
  number={4},
  pages={902--909},
  year={1997},
  publisher={IEEE}
}
@article{khoshgoftaar1995application,
  title={Application of neural networks for predicting program faults},
  author={Khoshgoftaar, Taghi M and Pandya, Abhijit S and Lanning, David L},
  journal={Annals of Software Engineering},
  volume={1},
  number={1},
  pages={141--154},
  year={1995},
  publisher={Springer}
}
@article{el2001comparing,
  title={Comparing case-based reasoning classifiers for predicting high risk software components},
  author={El Emam, Khaled and Benlarbi, Saida and Goel, Nishith and Rai, Shesh N},
  journal={Journal of Systems and Software},
  volume={55},
  number={3},
  pages={301--320},
  year={2001},
  publisher={Elsevier}
}
@article{ganesan2000case,
  title={Case-based software quality prediction},
  author={Ganesan, K and Khoshgoftaar, Taghi M and Allen, Edward B},
  journal={International Journal of Software Engineering and Knowledge Engineering},
  volume={10},
  number={02},
  pages={139--152},
  year={2000},
  publisher={World Scientific}
}
@article{khoshgoftaar2003analogy,
  title={Analogy-based practical classification rules for software quality estimation},
  author={Khoshgoftaar, Taghi M and Seliya, Naeem},
  journal={Empirical Software Engineering},
  volume={8},
  number={4},
  pages={325--350},
  year={2003},
  publisher={Springer}
}

@article{myrtveit2005reliability,
  title={Reliability and validity in comparative studies of software prediction models},
  author={Myrtveit, Ingunn and Stensrud, Erik and Shepperd, Martin},
  journal={IEEE Transactions on Software Engineering},
  volume={31},
  number={5},
  pages={380--391},
  year={2005},
  publisher={IEEE}
}
@article{shepperd2001comparing,
  title={Comparing software prediction techniques using simulation},
  author={Shepperd, Martin and Kadoda, Gada},
  journal={IEEE Transactions on Software Engineering},
  volume={27},
  number={11},
  pages={1014--1022},
  year={2001},
  publisher={IEEE}
}

@article{menzies2010defect,
  title={Defect prediction from static code features: current results, limitations, new approaches},
  author={Menzies, Tim and Milton, Zach and Turhan, Burak and Cukic, Bojan and Jiang, Yue and Bener, Ay{\c{s}}e},
  journal={ASE},
  volume={17},
  number={4},
  pages={375--407},
  year={2010},
  publisher={Springer}
}
@inproceedings{mende2009revisiting,
  title={Revisiting the evaluation of defect prediction models},
  author={Mende, Thilo and Koschke, Rainer},
  booktitle={Proceedings of the 5th International Conference on Predictor Models in Software Engineering},
  pages={7},
  year={2009},
  organization={ACM}
}
@inproceedings{khoshgoftaar2010attribute,
  title={Attribute selection and imbalanced data: Problems in software defect prediction},
  author={Khoshgoftaar, Taghi M and Gao, Kehan and Seliya, Naeem},
  booktitle={Tools with Artificial Intelligence (ICTAI), 2010 22nd IEEE International Conference on},
  volume={1},
  pages={137--144},
  year={2010},
  organization={IEEE}
}
@inproceedings{jiang2009variance,
  title={Variance analysis in software fault prediction models},
  author={Jiang, Yue and Lin, Jie and Cukic, Bojan and Menzies, Tim},
  booktitle={Software Reliability Engineering, 2009. ISSRE'09. 20th International Symposium on},
  pages={99--108},
  year={2009},
  organization={IEEE}
}
@article{jiang2008techniques,
  title={Techniques for evaluating fault prediction models},
  author={Jiang, Yue and Cukic, Bojan and Ma, Yan},
  journal={Empirical Software Engineering},
  volume={13},
  number={5},
  pages={561--595},
  year={2008},
  publisher={Springer}
}
@article{gondra2008applying,
  title={Applying machine learning to software fault-proneness prediction},
  author={Gondra, Iker},
  journal={Journal of Systems and Software},
  volume={81},
  number={2},
  pages={186--195},
  year={2008},
  publisher={Elsevier}
}
@article{shepperd2013data,
  title={Data quality: Some comments on the nasa software defect datasets},
  author={Shepperd, Martin and Song, Qinbao and Sun, Zhongbin and Mair, Carolyn},
  journal={IEEE Transactions on Software Engineering},
  volume={39},
  number={9},
  pages={1208--1215},
  year={2013},
  publisher={IEEE}
}
@inproceedings{he2008adasyn,
  title={ADASYN: Adaptive synthetic sampling approach for imbalanced learning},
  author={He, Haibo and Bai, Yang and Garcia, Edwardo A and Li, Shutao},
  booktitle={Neural Networks, 2008. IJCNN 2008.(IEEE World Congress on Computational Intelligence). IEEE International Joint Conference on},
  pages={1322--1328},
  year={2008},
  organization={IEEE}
}
@article{han2005borderline,
  title={Borderline-SMOTE: a new over-sampling method in imbalanced data sets learning},
  author={Han, Hui and Wang, Wen-Yuan and Mao, Bing-Huan},
  journal={Advances in intelligent computing},
  pages={878--887},
  year={2005},
  publisher={Springer}
}